@Article{bartel2004micrornas,
   Author="Bartel, D. P. ",
   Title="{{M}icro{R}{N}{A}s: genomics, biogenesis, mechanism, and function}",
   Journal="Cell",
   Year="2004",
   Volume="116",
   Number="2",
   Pages="281--297",
   Month="Jan"
}

@Article{helvik2007reliable,
   Author="Helvik, S. A.  and Snøve, O.  and Sætrøm, P. ",
   Title="{{R}eliable prediction of {D}rosha processing sites improves micro{R}{N}{A} gene prediction}",
   Journal="Bioinformatics",
   Year="2007",
   Volume="23",
   Number="2",
   Pages="142--149",
   Month="Jan"
}

@Article{lee2003the,
   Author="Lee, Y.  and Ahn, C.  and Han, J.  and Choi, H.  and Kim, J.  and Yim, J.  and Lee, J.  and Provost, P.  and Radmark, O.  and Kim, S.  and Kim, V. N. ",
   Title="{{T}he nuclear {R}{N}ase {I}{I}{I} {D}rosha initiates micro{R}{N}{A} processing}",
   Journal="Nature",
   Year="2003",
   Volume="425",
   Number="6956",
   Pages="415--419",
   Month="Sep",
   PMID="14508493"
}

@Article{han2006molecular,
   Author="Han, J.  and Lee, Y.  and Yeom, K. H.  and Nam, J. W.  and Heo, I.  and Rhee, J. K.  and Sohn, S. Y.  and Cho, Y.  and Zhang, B. T.  and Kim, V. N. ",
   Title="{{M}olecular basis for the recognition of primary micro{R}{N}{A}s by the {D}rosha-{D}{G}{C}{R}8 complex}",
   Journal="Cell",
   Year="2006",
   Volume="125",
   Number="5",
   Pages="887--901",
   Month="Jun",
   PMID="16751099"
}

@Article{zhang2010terminal,
   Author="Zhang, X.  and Zeng, Y. ",
   Title="{{T}he terminal loop region controls micro{R}{N}{A} processing by {D}rosha and {D}icer}",
   Journal="Nucleic Acids Res.",
   Year="2010",
   Volume="38",
   Number="21",
   Pages="7689--7697",
   Month="Nov",
   PMID="20660014"
}

@Article{ma2013lower,
   Author="Ma, H.  and Wu, Y.  and Choi, J. G.  and Wu, H. ",
   Title="{{L}ower and upper stem-single-stranded {R}{N}{A} junctions together determine the {D}rosha cleavage site}",
   Journal="Proc. Natl. Acad. Sci. U.S.A.",
   Year="2013",
   Volume="110",
   Number="51",
   Pages="20687--20692",
   Month="Dec",
   PMID="24297910"
}

@Article{hu2013droshapsp,
   Author="Hu, X.  and Ma, C.  and Zhou, Y. ",
   Title="{{A} novel two-layer {S}{V}{M} model in mi{R}{N}{A} {D}rosha processing site detection}",
   Journal="BMC Syst Biol",
   Year="2013",
   Volume="7 Suppl 4",
   Pages="S4",
   PMID="24565218"
}

@Article{forrest2014fantom5,
   Author="Forrest, A. R.  and Kawaji, H.  and Rehli, M.  and Baillie, J. K.  and de Hoon, M. J.  and Haberle, V.  and Lassman, T.  and Kulakovskiy, I. V.  and Lizio, M.  and Itoh, M.  and Andersson, R.  and Mungall, C. J.  and Meehan, T. F.  and Schmeier, S.  and Bertin, N.  and J?rgensen, M.  and Dimont, E.  and Arner, E.  and Schmidl, C.  and Schaefer, U.  and Medvedeva, Y. A.  and Plessy, C.  and Vitezic, M.  and Severin, J.  and Semple, C.  and Ishizu, Y.  and Young, R. S.  and Francescatto, M.  and Alam, I.  and Albanese, D.  and Altschuler, G. M.  and Arakawa, T.  and Archer, J. A.  and Arner, P.  and Babina, M.  and Rennie, S.  and Balwierz, P. J.  and Beckhouse, A. G.  and Pradhan-Bhatt, S.  and Blake, J. A.  and Blumenthal, A.  and Bodega, B.  and Bonetti, A.  and Briggs, J.  and Brombacher, F.  and Burroughs, A. M.  and Califano, A.  and Cannistraci, C. V.  and Carbajo, D.  and Chen, Y.  and Chierici, M.  and Ciani, Y.  and Clevers, H. C.  and Dalla, E.  and Davis, C. A.  and Detmar, M.  and Diehl, A. D.  and Dohi, T.  and Drabl?s, F.  and Edge, A. S.  and Edinger, M.  and Ekwall, K.  and Endoh, M.  and Enomoto, H.  and Fagiolini, M.  and Fairbairn, L.  and Fang, H.  and Farach-Carson, M. C.  and Faulkner, G. J.  and Favorov, A. V.  and Fisher, M. E.  and Frith, M. C.  and Fujita, R.  and Fukuda, S.  and Furlanello, C.  and Furino, M.  and Furusawa, J.  and Geijtenbeek, T. B.  and Gibson, A. P.  and Gingeras, T.  and Goldowitz, D.  and Gough, J.  and Guhl, S.  and Guler, R.  and Gustincich, S.  and Ha, T. J.  and Hamaguchi, M.  and Hara, M.  and Harbers, M.  and Harshbarger, J.  and Hasegawa, A.  and Hasegawa, Y.  and Hashimoto, T.  and Herlyn, M.  and Hitchens, K. J.  and Ho Sui, S. J.  and Hofmann, O. M.  and Hoof, I.  and Hori, F.  and Huminiecki, L.  and Iida, K.  and Ikawa, T.  and Jankovic, B. R.  and Jia, H.  and Joshi, A.  and Jurman, G.  and Kaczkowski, B.  and Kai, C.  and Kaida, K.  and Kaiho, A.  and Kajiyama, K.  and Kanamori-Katayama, M.  and Kasianov, A. S.  and Kasukawa, T.  and Katayama, S.  and Kato, S.  and Kawaguchi, S.  and Kawamoto, H.  and Kawamura, Y. I.  and Kawashima, T.  and Kempfle, J. S.  and Kenna, T. J.  and Kere, J.  and Khachigian, L. M.  and Kitamura, T.  and Klinken, S. P.  and Knox, A. J.  and Kojima, M.  and Kojima, S.  and Kondo, N.  and Koseki, H.  and Koyasu, S.  and Krampitz, S.  and Kubosaki, A.  and Kwon, A. T.  and Laros, J. F.  and Lee, W.  and Lennartsson, A.  and Li, K.  and Lilje, B.  and Lipovich, L.  and Mackay-Sim, A.  and Manabe, R.  and Mar, J. C.  and Marchand, B.  and Mathelier, A.  and Mejhert, N.  and Meynert, A.  and Mizuno, Y.  and de Lima Morais, D. A.  and Morikawa, H.  and Morimoto, M.  and Moro, K.  and Motakis, E.  and Motohashi, H.  and Mummery, C. L.  and Murata, M.  and Nagao-Sato, S.  and Nakachi, Y.  and Nakahara, F.  and Nakamura, T.  and Nakamura, Y.  and Nakazato, K.  and van Nimwegen, E.  and Ninomiya, N.  and Nishiyori, H.  and Noma, S.  and Noma, S.  and Noazaki, T.  and Ogishima, S.  and Ohkura, N.  and Ohimiya, H.  and Ohno, H.  and Ohshima, M.  and Okada-Hatakeyama, M.  and Okazaki, Y.  and Orlando, V.  and Ovchinnikov, D. A.  and Pain, A.  and Passier, R.  and Patrikakis, M.  and Persson, H.  and Piazza, S.  and Prendergast, J. G.  and Rackham, O. J.  and Ramilowski, J. A.  and Rashid, M.  and Ravasi, T.  and Rizzu, P.  and Roncador, M.  and Roy, S.  and Rye, M. B.  and Saijyo, E.  and Sajantila, A.  and Saka, A.  and Sakaguchi, S.  and Sakai, M.  and Sato, H.  and Savvi, S.  and Saxena, A.  and Schneider, C.  and Schultes, E. A.  and Schulze-Tanzil, G. G.  and Schwegmann, A.  and Sengstag, T.  and Sheng, G.  and Shimoji, H.  and Shimoni, Y.  and Shin, J. W.  and Simon, C.  and Sugiyama, D.  and Sugiyama, T.  and Suzuki, M.  and Suzuki, N.  and Swoboda, R. K.  and 't Hoen, P. A.  and Tagami, M.  and Takahashi, N.  and Takai, J.  and Tanaka, H.  and Tatsukawa, H.  and Tatum, Z.  and Thompson, M.  and Toyodo, H.  and Toyoda, T.  and Valen, E.  and van de Wetering, M.  and van den Berg, L. M.  and Verado, R.  and Vijayan, D.  and Vorontsov, I. E.  and Wasserman, W. W.  and Watanabe, S.  and Wells, C. A.  and Winteringham, L. N.  and Wolvetang, E.  and Wood, E. J.  and Yamaguchi, Y.  and Yamamoto, M.  and Yoneda, M.  and Yonekura, Y.  and Yoshida, S.  and Zabierowski, S. E.  and Zhang, P. G.  and Zhao, X.  and Zucchelli, S.  and Summers, K. M.  and Suzuki, H.  and Daub, C. O.  and Kawai, J.  and Heutink, P.  and Hide, W.  and Freeman, T. C.  and Lenhard, B.  and Bajic, V. B.  and Taylor, M. S.  and Makeev, V. J.  and Sandelin, A.  and Hume, D. A.  and Carninci, P.  and Hayashizaki, Y. ",
   Title="{{A} promoter-level mammalian expression atlas}",
   Journal="Nature",
   Year="2014",
   Volume="507",
   Number="7493",
   Pages="462--470",
   Month="Mar",
   PMID="24670764"
}


